%% Created using Papers on Tue, 12 Nov 2013.
%% http://papersapp.com/papers/

@article{Delaneau:2013hi,
author = {Delaneau, Olivier and Zagury, Jean-Fran{\c c}ois and Marchini, Jonathan},
title = {{Improved whole-chromosome phasing for disease and population genetic studies.}},
journal = {Nature Methods},
year = {2013},
volume = {10},
number = {1},
pages = {5--6},
month = jan
}

@article{Williams:2012hd,
author = {Williams, Amy L and Patterson, Nick and Glessner, Joseph and Hakonarson, Hakon and Reich, David},
title = {{Phasing of many thousands of genotyped samples.}},
journal = {American journal of human genetics},
year = {2012},
volume = {91},
number = {2},
pages = {238--251},
month = aug
}

@article{Gautier:2012et,
author = {Gautier, Mathieu and Vitalis, Renaud},
title = {{rehh: an R package to detect footprints of selection in genome-wide SNP data from haplotype structure.}},
journal = {Bioinformatics (Oxford, England)},
year = {2012},
volume = {28},
number = {8},
pages = {1176--1177},
month = apr
}

@article{Flicek:2012vg,
author = {Flicek, Paul and Amode, M Ridwan and Barrell, Daniel and Beal, Kathryn and Brent, Simon and Carvalho-Silva, Denise and Clapham, Peter and Coates, Guy and Fairley, Susan and Fitzgerald, Stephen and Gil, Laurent and Gordon, Leo and Hendrix, Maurice and Hourlier, Thibaut and Johnson, Nathan and K{\"a}h{\"a}ri, Andreas K and Keefe, Damian and Keenan, Stephen and Kinsella, Rhoda and Komorowska, Monika and Koscielny, Gautier and Kulesha, Eugene and Larsson, Pontus and Longden, Ian and McLaren, William and Muffato, Matthieu and Overduin, Bert and Pignatelli, Miguel and Pritchard, Bethan and Riat, Harpreet Singh and Ritchie, Graham R S and Ruffier, Magali and Schuster, Michael and Sobral, Daniel and Tang, Y Amy and Taylor, Kieron and Trevanion, Stephen and Vandrovcova, Jana and White, Simon and Wilson, Mark and Wilder, Steven P and Aken, Bronwen L and Birney, Ewan and Cunningham, Fiona and Dunham, Ian and Durbin, Richard and Fern{\'a}ndez-Su{\'a}rez, Xos{\'e} M and Harrow, Jennifer and Herrero, Javier and Hubbard, Tim J P and Parker, Anne and Proctor, Glenn and Spudich, Giulietta and Vogel, Jan and Yates, Andy and Zadissa, Amonida and Searle, Stephen M J},
title = {{Ensembl 2012}},
journal = {Nucleic acids  {\ldots}},
year = {2012}
}

@article{Browning:2011ic,
author = {Browning, Sharon R and Browning, Brian L},
title = {{Haplotype phasing: existing methods and new developments.}},
journal = {Nature Reviews Genetics},
year = {2011},
volume = {12},
number = {10},
pages = {703--714},
month = oct
}

@article{Danecek:2011gz,
author = {Danecek, Petr and Auton, Adam and Abecasis, Goncalo and Albers, Cornelis A and Banks, Eric and DePristo, Mark A and Handsaker, Robert E and Lunter, Gerton and Marth, Gabor T and Sherry, Stephen T and McVean, Gilean and Durbin, Richard and {1000 Genomes Project Analysis Group}},
title = {{The variant call format and VCFtools.}},
journal = {Bioinformatics (Oxford, England)},
year = {2011},
volume = {27},
number = {15},
pages = {2156--2158},
month = aug
}

@article{Li:2011bi,
author = {Li, Heng},
title = {{Tabix: fast retrieval of sequence features from generic TAB-delimited files.}},
journal = {Bioinformatics (Oxford, England)},
year = {2011},
volume = {27},
number = {5},
pages = {718--719},
month = mar
}

@article{Lappalainen:2010iz,
author = {Lappalainen, Tuuli and Salmela, Elina and Andersen, Peter M and Dahlman-Wright, Karin and Sistonen, Pertti and Savontaus, Marja-Liisa and Schreiber, Stefan and Lahermo, P{\"a}ivi and Kere, Juha},
title = {{Genomic landscape of positive natural selection in Northern European populations.}},
journal = {European journal of human genetics : EJHG},
year = {2010},
volume = {18},
number = {4},
pages = {471--478},
month = apr
}

@article{Holsinger:2009he,
author = {Holsinger, Kent E and Weir, Bruce S},
title = {{Genetics in geographically structured populations: defining, estimating and interpreting F(ST).}},
journal = {Nature Reviews Genetics},
year = {2009},
volume = {10},
number = {9},
pages = {639--650},
month = sep
}

@article{Paten:2008bp,
author = {Paten, Benedict and Herrero, Javier and Fitzgerald, Stephen and Beal, Kathryn and Flicek, Paul and Holmes, Ian and Birney, Ewan},
title = {{Genome-wide nucleotide-level mammalian ancestor reconstruction.}},
journal = {Genome Research},
year = {2008},
volume = {18},
number = {11},
pages = {1829--1843},
month = nov
}

@article{Browning:2007ge,
author = {Browning, Sharon R and Browning, Brian L},
title = {{Rapid and accurate haplotype phasing and missing-data inference for whole-genome association studies by use of localized haplotype clustering}},
journal = {American journal of human genetics},
year = {2007},
volume = {81},
number = {5},
pages = {1084--1097},
month = nov
}

@article{Sabeti:2007hg,
author = {Sabeti, Pardis C and Varilly, Patrick and Fry, Ben and Lohmueller, Jason and Hostetter, Elizabeth and Cotsapas, Chris and Xie, Xiaohui and Byrne, Elizabeth H and McCarroll, Steven A and Gaudet, Rachelle and Schaffner, Stephen F and Lander, Eric S and {International HapMap Consortium} and Frazer, Kelly A and Ballinger, Dennis G and Cox, David R and Hinds, David A and Stuve, Laura L and Gibbs, Richard A and Belmont, John W and Boudreau, Andrew and Hardenbol, Paul and Leal, Suzanne M and Pasternak, Shiran and Wheeler, David A and Willis, Thomas D and Yu, Fuli and Yang, Huanming and Zeng, Changqing and Gao, Yang and Hu, Haoran and Hu, Weitao and Li, Chaohua and Lin, Wei and Liu, Siqi and Pan, Hao and Tang, Xiaoli and Wang, Jian and Wang, Wei and Yu, Jun and Zhang, Bo and Zhang, Qingrun and Zhao, Hongbin and Zhao, Hui and Zhou, Jun and Gabriel, Stacey B and Barry, Rachel and Blumenstiel, Brendan and Camargo, Amy and Defelice, Matthew and Faggart, Maura and Goyette, Mary and Gupta, Supriya and Moore, Jamie and Nguyen, Huy and Onofrio, Robert C and Parkin, Melissa and Roy, Jessica and Stahl, Erich and Winchester, Ellen and Ziaugra, Liuda and Altshuler, David and Shen, Yan and Yao, Zhijian and Huang, Wei and Chu, Xun and He, Yungang and Jin, Li and Liu, Yangfan and Shen, Yayun and Sun, Weiwei and Wang, Haifeng and Wang, Yi and Wang, Ying and Xiong, Xiaoyan and Xu, Liang and Waye, Mary M Y and Tsui, Stephen K W and Xue, Hong and Wong, J Tze-Fei and Galver, Luana M and Fan, Jian-Bing and Gunderson, Kevin and Murray, Sarah S and Oliphant, Arnold R and Chee, Mark S and Montpetit, Alexandre and Chagnon, Fanny and Ferretti, Vincent and Leboeuf, Martin and Olivier, Jean-Fran{\c c}ois and Phillips, Michael S and Roumy, St{\'e}phanie and Sall{\'e}e, Cl{\'e}mentine and Verner, Andrei and Hudson, Thomas J and Kwok, Pui-Yan and Cai, Dongmei and Koboldt, Daniel C and Miller, Raymond D and Pawlikowska, Ludmila and Taillon-Miller, Patricia and Xiao, Ming and Tsui, Lap-Chee and Mak, William and Song, You Qiang and Tam, Paul K H and Nakamura, Yusuke and Kawaguchi, Takahisa and Kitamoto, Takuya and Morizono, Takashi and Nagashima, Atsushi and Ohnishi, Yozo and Sekine, Akihiro and Tanaka, Toshihiro and Tsunoda, Tatsuhiko and Deloukas, Panos and Bird, Christine P and Delgado, Marcos and Dermitzakis, Emmanouil T and Gwilliam, Rhian and Hunt, Sarah and Morrison, Jonathan and Powell, Don and Stranger, Barbara E and Whittaker, Pamela and Bentley, David R and Daly, Mark J and de Bakker, Paul I W and Barrett, Jeff and Chretien, Yves R and Maller, Julian and McCarroll, Steve and Patterson, Nick and Pe'er, Itsik and Price, Alkes and Purcell, Shaun and Richter, Daniel J and Sabeti, Pardis and Saxena, Richa and Schaffner, Stephen F and Sham, Pak C and Varilly, Patrick and Altshuler, David and Stein, Lincoln D and Krishnan, Lalitha and Smith, Albert Vernon and Tello-Ruiz, Marcela K and Thorisson, Gudmundur A and Chakravarti, Aravinda and Chen, Peter E and Cutler, David J and Kashuk, Carl S and Lin, Shin and Abecasis, Gon{\c c}alo R and Guan, Weihua and Li, Yun and Munro, Heather M and Qin, Zhaohui Steve and Thomas, Daryl J and McVean, Gilean and Auton, Adam and Bottolo, Leonardo and Cardin, Niall and Eyheramendy, Susana and Freeman, Colin and Marchini, Jonathan and Myers, Simon and Spencer, Chris and Stephens, Matthew and Donnelly, Peter and Cardon, Lon R and Clarke, Geraldine and Evans, David M and Morris, Andrew P and Weir, Bruce S and Tsunoda, Tatsuhiko and Johnson, Todd A and Mullikin, James C and Sherry, Stephen T and Feolo, Michael and Skol, Andrew and Zhang, Houcan and Zeng, Changqing and Zhao, Hui and Matsuda, Ichiro and Fukushima, Yoshimitsu and Macer, Darryl R and Suda, Eiko and Rotimi, Charles N and Adebamowo, Clement A and Ajayi, Ike and Aniagwu, Toyin and Marshall, Patricia A and Nkwodimmah, Chibuzor and Royal, Charmaine D M and Leppert, Mark F and Dixon, Missy and Peiffer, Andy and Qiu, Renzong and Kent, Alastair and Kato, Kazuto and Niikawa, Norio and Adewole, Isaac F and Knoppers, Bartha M and Foster, Morris W and Clayton, Ellen Wright and Watkin, Jessica and Gibbs, Richard A and Belmont, John W and Muzny, Donna and Nazareth, Lynne and Sodergren, Erica and Weinstock, George M and Wheeler, David A and Yakub, Imtaz and Gabriel, Stacey B and Onofrio, Robert C and Richter, Daniel J and Ziaugra, Liuda and Birren, Bruce W and Daly, Mark J and Altshuler, David and Wilson, Richard K and Fulton, Lucinda L and Rogers, Jane and Burton, John and Carter, Nigel P and Clee, Christopher M and Griffiths, Mark and Jones, Matthew C and McLay, Kirsten and Plumb, Robert W and Ross, Mark T and Sims, Sarah K and Willey, David L and Chen, Zhu and Han, Hua and Kang, Le and Godbout, Martin and Wallenburg, John...},
title = {{Genome-wide detection and characterization of positive selection in human populations.}},
journal = {Nature},
year = {2007},
volume = {449},
number = {7164},
pages = {913--918},
month = oct
}

@article{Purcell:2007dg,
author = {Purcell, Shaun and Neale, Benjamin and Todd-Brown, Kathe and Thomas, Lori and Ferreira, Manuel A R and Bender, David and Maller, Julian and Sklar, Pamela and de Bakker, Paul I W and Daly, Mark J and Sham, Pak C},
title = {{PLINK: a tool set for whole-genome association and population-based linkage analyses.}},
journal = {American journal of human genetics},
year = {2007},
volume = {81},
number = {3},
pages = {559--575},
month = sep
}

@article{Tang:2007cx,
author = {Tang, Kun and Thornton, Kevin R and Stoneking, Mark},
title = {{A new approach for using genome scans to detect recent positive selection in the human genome.}},
journal = {PLoS biology},
year = {2007},
volume = {5},
number = {7},
pages = {e171},
month = jul
}

@article{Sabeti:2006ha,
author = {Sabeti, P C and Schaffner, S F and Fry, B and Lohmueller, J and Varilly, P and Shamovsky, O and Palma, A and Mikkelsen, T S and Altshuler, D and Lander, E S},
title = {{Positive natural selection in the human lineage.}},
journal = {Science (New York, NY)},
year = {2006},
volume = {312},
number = {5780},
pages = {1614--1620},
month = jun
}

@article{Voight:2006go,
author = {Voight, Benjamin F and Kudaravalli, Sridhar and Wen, Xiaoquan and Pritchard, Jonathan K},
title = {{A map of recent positive selection in the human genome.}},
journal = {PLoS biology},
year = {2006},
volume = {4},
number = {3},
pages = {e72},
month = mar
}

@article{InternationalHapMapConsortium:2005cu,
author = {{International HapMap Consortium}},
title = {{A haplotype map of the human genome.}},
journal = {Nature},
year = {2005},
volume = {437},
number = {7063},
pages = {1299--1320},
month = oct
}

@article{InternationalHapMapConsortium:2003gs,
author = {{International HapMap Consortium}},
title = {{The International HapMap Project.}},
journal = {Nature},
year = {2003},
volume = {426},
number = {6968},
pages = {789--796},
month = dec
}

@article{Sabeti:2002ge,
author = {Sabeti, Pardis C and Reich, David E and Higgins, John M and Levine, Haninah Z P and Richter, Daniel J and Schaffner, Stephen F and Gabriel, Stacey B and Platko, Jill V and Patterson, Nick J and McDonald, Gavin J and Ackerman, Hans C and Campbell, Sarah J and Altshuler, David and Cooper, Richard and Kwiatkowski, Dominic and Ward, Ryk and Lander, Eric S},
title = {{Detecting recent positive selection in the human genome from haplotype structure.}},
journal = {Nature},
year = {2002},
volume = {419},
number = {6909},
pages = {832--837},
month = oct
}

@article{Hacia:1999fr,
author = {Hacia, J G and Fan, J B and Ryder, O and Jin, L and Edgemon, K and Ghandour, G and Mayer, R A and Sun, B and Hsie, L and Robbins, C M and Brody, L C and Wang, D and Lander, E S and Lipshutz, R and Fodor, S P and Collins, F S},
title = {{Determination of ancestral alleles for human single-nucleotide polymorphisms using high-density oligonucleotide arrays.}},
journal = {Nature Genetics},
year = {1999},
volume = {22},
number = {2},
pages = {164--167},
month = jun
}

@article{Tajima:1989un,
author = {Tajima, F},
title = {{Statistical method for testing the neutral mutation hypothesis by DNA polymorphism.}},
journal = {Genetics},
year = {1989},
volume = {123},
number = {3},
pages = {585--595},
month = nov
}

@article{Weir:1984vn,
author = {Weir, B S and Cockerham, C C},
title = {{Estimating F-statistics for the analysis of population structure}},
journal = {evolution},
year = {1984}
}

@article{RCoreTeam:wf,
author = {{R Core Team}},
title = {{R: A language and environment for statistical computing}}
}


